<record><leader>00000cas a22000007a 4500</leader><controlfield tag="001">12146644</controlfield><controlfield tag="008">850612d18881930njuwr ne      0    0eng d</controlfield><datafield ind1=" " ind2=" " tag="010"><subfield code="a">sn 85035790 </subfield></datafield><datafield ind1=" " ind2=" " tag="040"><subfield code="a">NPA</subfield><subfield code="b">eng</subfield><subfield code="c">NPA</subfield><subfield code="d">NJW</subfield><subfield code="d">OCLCQ</subfield></datafield><datafield ind1=" " ind2=" " tag="042"><subfield code="a">msc</subfield></datafield><datafield ind1="0" ind2=" " tag="130"><subfield code="a">Somerset Democrat (Somerville, N.J.)</subfield></datafield><datafield ind1="1" ind2="4" tag="245"><subfield code="a">The Somerset Democrat.</subfield></datafield><datafield ind1=" " ind2=" " tag="260"><subfield code="a">Somerville, N.J. :</subfield><subfield code="b">Somerville Pub. Co.</subfield></datafield><datafield ind1=" " ind2=" " tag="300"><subfield code="a">v. :</subfield><subfield code="b">ill.</subfield></datafield><datafield ind1=" " ind2=" " tag="310"><subfield code="a">Weekly</subfield></datafield><datafield ind1="1" ind2=" " tag="362"><subfield code="a">Began with June 8, 1888 issue; ceased with Dec. 26, 1930 issue.</subfield><subfield code="z">Cf. Wright, W.C. and Stellhorn, P.A. Direct. of N.J. newspapers.</subfield></datafield><datafield ind1=" " ind2=" " tag="500"><subfield code="a">Published by E.M. Wight, Sept. 4, 1903-&lt;Sept. 7, 1906&gt;.</subfield></datafield><datafield ind1=" " ind2=" " tag="530"><subfield code="a">Also issued on microfilm by Norton Micro Images.</subfield></datafield><datafield ind1=" " ind2=" " tag="580"><subfield code="a">Merged with: Unionist-gazette, and: Somerset messenger, to form: Somerset messenger gazette.</subfield></datafield><datafield ind1=" " ind2=" " tag="588"><subfield code="a">Description based on: Vol. 15, no. 31 (Jan. 2, 1903).</subfield></datafield><datafield ind1=" " ind2=" " tag="752"><subfield code="a">United States</subfield><subfield code="b">New Jersey</subfield><subfield code="c">Somerset</subfield><subfield code="d">Somerville.</subfield></datafield><datafield ind1="1" ind2="7" tag="785"><subfield code="t">Unionist-gazette</subfield><subfield code="w">(DLC)sn 84020537</subfield><subfield code="w">(OCoLC)11108735</subfield></datafield><datafield ind1="1" ind2="7" tag="785"><subfield code="t">Somerset messenger</subfield><subfield code="w">(DLC)sn 84026263</subfield><subfield code="w">(OCoLC)10362248</subfield></datafield><datafield ind1="1" ind2="7" tag="785"><subfield code="t">Somerset messenger gazette</subfield><subfield code="w">(DLC)sn 84020556</subfield><subfield code="w">(OCoLC)11116539</subfield></datafield></record>